@article{bachem2017practical,
  title={Practical coreset constructions for machine learning},
  author={Bachem, Olivier and Lucic, Mario and Krause, Andreas},
  journal={arXiv preprint arXiv:1703.06476},
  year={2017}
}
@book{dubhashi2009concentration,
  title={Concentration of measure for the analysis of randomized algorithms},
  author={Dubhashi, Devdatt P and Panconesi, Alessandro},
  year={2009},
  publisher={Cambridge University Press}
}